@misc{polyline_simplification_has_cubic_complexity_bringmannetal,
  title = {Polyline Simplification has Cubic Complexity},
  author = {Karl Bringmann and Bhaskar Ray Chaudhury},
  year = {2018},
  eprint = {1810.00621},
  archivePrefix = {arXiv},
  primaryClass = {cs.CG},
  url = {https://arxiv.org/abs/1810.00621},
}

@misc{polyline_simplification_under_the_local_frechet_distance_has_almost_quadratic_runtime_in_2d_storandtetal,
  title = {Polyline Simplification under the Local Fr\'echet Distance has
           Almost-Quadratic Runtime in 2D},
  author = {Sabine Storandt and Johannes Zink},
  year = {2023},
  eprint = {2201.01344},
  archivePrefix = {arXiv},
  primaryClass = {cs.CG},
  url = {https://arxiv.org/abs/2201.01344},
}

@article{computing_the_frechet_distance_between_two_polygonal_curves,
  title = {Computing the Fr{\'{e}}chet Distance Between two Polygonal Curves},
  author = {Helmut Alt and Michael Godau},
  year = {1995},
  journal = {International Journal of Computational Geometry \& Applications},
  volume = {05},
  number = {01n02},
  pages = {75-91},
  URL = {https://doi.org/10.1142/S0218195995000064},
}

@article{on_optimal_polyline_simplification_using_the_hausdorff_and_frechet_distance,
  title = {On Optimal Polyline Simplification using the Hausdorff and Fr\'echet
           Distance},
  author = {Marc van Kreveld and Maarten LÃ¶ffler and Lionov Wiratma},
  year = {2018},
  eprint = {1803.03550},
  archivePrefix = {arXiv},
  primaryClass = {cs.CG},
  url = {https://arxiv.org/abs/1803.03550},
}

