@misc{polyline_simplification_has_cubic_complexity_bringmannetal,
  title = {Polyline Simplification has Cubic Complexity},
  author = {Karl Bringmann and Bhaskar Ray Chaudhury},
  year = {2018},
  eprint = {1810.00621},
  archivePrefix = {arXiv},
  primaryClass = {cs.CG},
  url = {https://arxiv.org/abs/1810.00621},
}

@misc{polyline_simplification_under_the_local_frechet_distance_has_almost_quadratic_runtime_in_2d_storandtetal,
  title = {Polyline Simplification under the Local Fr\'echet Distance has
           Almost-Quadratic Runtime in 2D},
  author = {Sabine Storandt and Johannes Zink},
  year = {2023},
  eprint = {2201.01344},
  archivePrefix = {arXiv},
  primaryClass = {cs.CG},
  url = {https://arxiv.org/abs/2201.01344},
}

@article{computing_the_frechet_distance_between_two_polygonal_curves,
  title = {Computing the Fr{\'{e}}chet Distance Between two Polygonal Curves},
  author = {Helmut Alt and Michael Godau},
  year = {1995},
  journal = {International Journal of Computational Geometry \& Applications},
  volume = {05},
  number = {01n02},
  pages = {75-91},
  url = {https://doi.org/10.1142/S0218195995000064},
}

@article{on_optimal_polyline_simplification_using_the_hausdorff_and_frechet_distance,
  title = {On Optimal Polyline Simplification using the Hausdorff and Fr\'echet
           Distance},
  author = {Marc van Kreveld and Maarten Löffler and Lionov Wiratma},
  year = {2018},
  eprint = {1803.03550},
  archivePrefix = {arXiv},
  primaryClass = {cs.CG},
  url = {https://arxiv.org/abs/1803.03550},
}

@misc{global_curve_simplification,
  title = {Global Curve Simplification},
  author = {Mees van de Kerkhof and Irina Kostitsyna and Maarten Löffler and
            Majid Mirzanezhad and Carola Wenk},
  year = {2020},
  eprint = {1809.10269},
  archivePrefix = {arXiv},
  primaryClass = {cs.CG},
  url = {https://arxiv.org/abs/1809.10269},
}

@book{metric_spaces,
  title = {Metric spaces},
  author = {O'Searcoid, M{\'\i}che{\'a}l},
  year = {2006},
  publisher = {Springer Science \& Business Media},
}

@book{linear_algebra,
  title = {Linear algebra},
  author = {Lang, Serge},
  year = {1987},
  publisher = {Springer Science \& Business Media},
}

@book{algorithms_in_real_algebraic_geometry,
  title = {Algorithms in Real Algebraic Geometry},
  author = {Saugata Basu and Richard Pollack and Marie-Françoise Roy},
  year = {2016},
  publisher = {Springer Science \& Business Media},
}
@book{computational_geometry,
  title = {Computational Geometry: Algorithms and Applications},
  author = {Mark de Berg and Otfried Cheong and Marc van Kreveld and Mark
            Overmars},
  year = {2008},
  publisher = {Springer Science \& Business Media},
}

@article{algorithms_reduction_number_points_caricature,
  title={Algorithms for the Reduction of the Number of Points Required to Represent a Digitized Line or its Caricature},
  author={Douglas, David H and Peucker, Thomas K},
  journal={Cartographica: the international journal for geographic information and geovisualization},
  volume={10},
  number={2},
  pages={112--122},
  year={1973},
  publisher={University of Toronto Press}
}

@article{computational_geometric_methods_for_polygonal_approximations_of_a_curve,
  title={Computational-Geometric Methods for Polygonal Approximations of a Curve},
  author={Imai, Hiroshi and Iri, Masao},
  journal={Computer Vision, Graphics, and Image Processing},
  volume={36},
  number={1},
  pages={31--41},
  year={1986},
  publisher={Elsevier}
}

@article{a_lower_bound_for_the_integer_element_distinctness_problem,
  title={A Lower Bound for the Integer Element Distinctness Problem},
  author={Lubiw, Anna and R{\'a}cz, Andr{\'a}s},
  journal={Information and Computation},
  volume={94},
  number={1},
  pages={83--92},
  year={1991},
  publisher={Elsevier}
}

@phdthesis{computational_geometry_shamos,
  title={Computational Geometry},
  author={Ian Shamos, Michael},
  year={1978},
  school={Citeseer}
}
